<?xml version="1.0" encoding="UTF-8"?><collection xmlns="http://www.loc.gov/MARC21/slim"><record><leader>00498nam--2200169-i-4500</leader><controlfield tag="001">000015079</controlfield><controlfield tag="002">20161230</controlfield><controlfield tag="005">20170114225526</controlfield><controlfield tag="008">060222s1000------------r-----000-0-eng-d</controlfield><datafield ind1=" " ind2=" " tag="080"><subfield code="a">537.84</subfield></datafield><datafield ind1=" " ind2=" " tag="100"><subfield code="a">Cabannes, Henri</subfield></datafield><datafield ind1=" " ind2=" " tag="245"><subfield code="a">Theoretical magnetofluiddynamics. Translated by Maurice Holt with the assistance of A.A.Sfeir</subfield></datafield><datafield ind1=" " ind2=" " tag="260"><subfield code="a">New York</subfield><subfield code="b">Academic Press</subfield><subfield code="c">1970</subfield></datafield><datafield ind1=" " ind2=" " tag="300"><subfield code="a">XI + 233 p</subfield></datafield><datafield ind1=" " ind2=" " tag="490"><subfield code="a">Applied Mathematics And Mechanics</subfield></datafield><datafield ind1=" " ind2=" " tag="852"><subfield code="a">12706</subfield></datafield><datafield ind1=" " ind2=" " tag="CAT"><subfield code="a">SYS</subfield><subfield code="c">20170114</subfield><subfield code="h">225526</subfield></datafield></record></collection>